
@article{wiechetek10,
  author = {Linda Wiechetek and Francis Tyers and Thomas Omma},
  title = {Shooting at flies in the dark: Rule-based lexical selection for a minority language pair},
  journal = {Lecture Notes in Artificial Intelligence},
  volume = 6233,
  pages = {418--429},
  year = 2010
}

@book{sammallahti98,
    author = {Pekka Sammallahti},
    title = {The Saami Languages. An Introduction},
    publisher = {Davvi Girji},
    year = 1998
}

@inproceedings{tyers09,
    author = {Francis Tyers and Linda Wiechetek and Trond Trosterud},
    title = {Developing prototypes for machine translation between two Sámi languages},
    booktitle = {Proceedings of the 13th Annual Conference of the European Association for Machine Translation, EAMT09},
    pages = {120--128},
    year = 2009
}

@inproceedings{trosterud12,
  author = {Trond Trosterud and Kevin Brubeck Unhammer},
  booktitle = {Proceedings of the Third International Workshop on Free/Open-Source Rule-Based Machine Translation (FreeRBMT 2012)},
  month = {June},
  number = {2013:03},
  pages = {13--26},
  title = {{Evaluating North Sámi to Norwegian assimilation RBMT}},
  year = 2012
}


